@book{318-lecture-notes,
  title={Advanced Linear Algebra -- Tools and Applications},
  author={Roven, Sam and Thomas, Rekha},
  publisher={Department of Mathematics, University of Washington},
  address={Seattle},
  year={2021}
}

@misc{bbc-identical-flag,
  author = {BBC},
  howpublished = {Web},
  title = {`Identical flag' causes flap in {Romania}},
  year = {2004},
  url = {http://news.bbc.co.uk/2/hi/europe/3626821.stm}
}

@book{bishop,
  author = {Bishop, Christopher M.},
  editor = {Jordan M. and Kleinberg J. and Sch\"{o}lkopf B.},
  publisher = {Springer},
  title = {Pattern Recognition and Machine Learning},
  year = {2006},
  isbn = {978-0387-31073-2},
}

@misc{brunton-pca,
  author = {Brunton, Steve},
  howpublished = {YouTube Video},
  title = {Principle Component Analysis (PCA)},
  year = {2020},
  url={https://www.youtube.com/watch?v=fkf4IBRSeEc}
}

@misc{brunton-svd,
  author = {Brunton, Steve},
  howpublished = {YouTube Video},
  title = {Singular Value Decomposition (SVD): Mathematical Overview},
  year = {2020},
  url={https://www.youtube.com/watch?v=nbBvuuNVfco}
}

@book{elsner-hw2,
  title={AMATH 582: Homework 2},
  author={Elsner, Jonathan},
  publisher={Department of Applied Mathematics, University of Washington},
  address={Seattle},
  year={2025}
}

@book{elsner-hw3,
  title={AMATH 583: Homework 3},
  author={Elsner, Jonathan},
  publisher={Department of Applied Mathematics, University of Washington},
  address={Seattle},
  year=2025
}

@manual{g4g-batch-norm,
  title={What is Batch Normalization in Deep Learning?},
  author={},
  url={https://www.geeksforgeeks.org/what-is-batch-normalization-in-deep-learning/}
}

@book{good-flag-bad-flag,
  author = {Ted Kaye},
  editor = {},
  publisher = {North American Vexillogical Association},
  title = {``Good'' Flag, ``Bad'' Flag: How to Design a Great Flag},
  year = {2006},
  url = {https://nava.org/good-flag-bad-flag},
  isbn = {978–0–9747728–1–3},
}

@book{kutz-book,
  title={Data-Driven Modeling \& Scientific Computation: Methods for Integrating Dynamics of Complex Systems and Big Data},
  author={Kutz, J. Nathan},
  publisher={Department of Applied Mathematics, University of Washington},
  address={Seattle}
}

@misc{list-of-flags,
  author = {},
  howpublished = {Web},
  title = {List of national flags of sovereign states},
  year = {2025},
  url = {https://en.wikipedia.org/wiki/List_of_national_flags_of_sovereign_states}
}

@manual{loss-fns,
  title={Loss Functions},
  author={},
  url={https://ml-cheatsheet.readthedocs.io/en/latest/loss_functions.html}
}

@manual{pytorch-init,
  author = {PyTorch Contributors},
  title = {torch.nn.init},
  url={https://pytorch.org/docs/stable/nn.init.html}
}

@manual{sklearn-ridge-classification,
  author = {scikit-learn developers},
  title = {Supervised Learning},
  url={https://scikit-learn.org/stable/modules/linear_model.html#classification}
}

@manual{key,
  author = {scikit-learn developers},
  title = {Clustering},
  url = {https://scikit-learn.org/stable/modules/clustering.html#silhouette-coefficient}
}

@manual{sklearn-cv,
  author = {scikit-learn developers},
  title = {Cross-validation: evaluating estimator performance},
  url={https://scikit-learn.org/stable/modules/cross_validation.html#cross-validation-and-model-selection}
}

@manual{sklearn-clustering,
  author = {scikit-learn developers},
  title = {Overview of clustering methods},
  url={https://scikit-learn.org/stable/modules/clustering.html#silhouette-coefficient}
}
